

@book{open_daylight_nac,
    author = {Reza Toghraee},
    title = {Learning OpenDaylight},
    year = {May, 2017},
    isbn = {1782174370},
    publisher = {Packt Publishing}
}

@INPROCEEDINGS{flow_identity,
    author={S. T. {Yakasai} and C. G. {Guy}},
    booktitle={2015 IEEE Conference on Network Function Virtualization and Software Defined Network (NFV-SDN)},
    title={FlowIdentity: Software-defined network access control},
    year={2015},
    volume={},
    number={},
    pages={115-120},
    doi={10.1109/NFV-SDN.2015.7387415},
    ISSN={},
    month={Nov},
}


@online{cisco_why_nac,
    author = {Cisco},
    title = {What Is Network Access Control?},
    year = 2019,
    url = {https://www.cisco.com/c/en/us/products/security/what-is-network-access-control-nac.html},
}
@online{openvswitch,
    author = {The Linux Foundation},
    title = {OpenVSwitch},
    year = 2016,
    url = {https://www.openvswitch.org/},
}
@article{mininet,
    title={Mininet: An instant virtual network on your laptop (or other pc)},
    author={Team, Mininet},
    journal={Google Scholar},
    year={2012}
}

@online{vocal_eapol,
    title={EAPoL - Ex},
    author={Vocal - VoIP Design Solutions},
    url={https://www.vocal.com/secure-communication/eapol-extensible-authentication-protocol-over-lan/}
}

@online{cisco_mab,
    title={Cisco IOS: Authentication Authorization and Accounting Configuration Guide},
    author={Cisco},
    url={https://www.cisco.com/c/en/us/td/docs/ios-xml/ios/sec\_usr\_aaa/configuration/15-e/sec-usr-aaa-15-e-book/sec-usr-mac-auth-bypass.pdf},
}
@online{sunxaml,
    title={Sun's XACML Implementation},
    author={Sun Microsystems},
    url={http://sunxacml.sourceforge.net},
}
@online{oracle_oes,
    title={Oracle Entitlements Server},
    author={Oracle},
    url={https://www.oracle.com/technetwork/middleware/oes/overview/index.html},
}

@online{apache_open_az,
    title={OpenAz Project},
    author={The Apache Software Foundation},
    url={http://incubator.apache.org/projects/openaz.html},
}

@online{rfc_2904,
    title={RFC 2904 - AAA Authorization Framework},
    author={Network Working Group},
    url={https://tools.ietf.org/html/rfc2904}
}

@online{rfc_3580,
    title={RFC 2904 - IEEE 802.1X Remote Authentication Dial In User Service (RADIUS) Usage Guidelines},
    author={Network Working Group},
    url={https://tools.ietf.org/html/rfc3580}
}



@online{aruba_aaa,
    title={About AAA},
    author={Aruba Networks},
    url={https://www.arubanetworks.com/techdocs/ClearPass/Aruba\_DeployGd\_HTML/Content/802.1X Authentication/About\_AAA.htm}
}

@inproceedings{vinius_sdn_campus,
    author = {Kuliesius, Feliksas and Dangovas, Vainius},
    year = {2016},
    month = {07},
    pages = {894-899},
    title = {SDN enhanced campus network authentication and access control system},
    doi = {10.1109/ICUFN.2016.7536925}
}
@inproceedings{vainius_sdn_nac,
    author = {Dangovas, Vainius and Kuliesius, Feliksas},
    year = {2014},
    month = {06},
    pages = {},
    title = {SDN-Driven Authentication and Access Control System},
    doi = {10.13140/RG.2.1.3739.3129}
}

@INPROCEEDINGS{simplified_nac_design, 
    author={A. {Hesham} and F. {Sardis} and S. {Wong} and T. {Mahmoodi} and M. {Tatipamula}}, 
    booktitle={2017 IEEE Wireless Communications and Networking Conference Workshops (WCNCW)}, 
    title={A Simplified Network Access Control Design and Implementation for M2M Communication Using SDN}, 
    year={2017}, 
    volume={}, 
    number={}, 
    pages={1-5}, 
    keywords={authorisation;software defined networking;simplified network access control design;M2M communication;SDN;802.1X standard;software-defined networking;localised sensor networks;IoT sensor networks;OpenFlow switches;OpenDaylight switches;Authentication;Quality of service;Control systems;Bandwidth;Authorization}, 
    doi={10.1109/WCNCW.2017.7919082}, 
    ISSN={}, 
    month={March},
}

@inproceedings{heartbleed,
     author = {Durumeric, Zakir and Li, Frank and Kasten, James and Amann, Johanna and Beekman, Jethro and Payer, Mathias and Weaver, Nicolas and Adrian, David and Paxson, Vern and Bailey, Michael and Halderman, J. Alex},
     title = {The Matter of Heartbleed},
     booktitle = {Proceedings of the 2014 Conference on Internet Measurement Conference},
     series = {IMC '14},
     year = {2014},
     isbn = {978-1-4503-3213-2},
     location = {Vancouver, BC, Canada},
     pages = {475--488},
     numpages = {14},
     url = {http://doi.acm.org/10.1145/2663716.2663755},
     doi = {10.1145/2663716.2663755},
     acmid = {2663755},
     publisher = {ACM},
     address = {New York, NY, USA},
     keywords = {heartbleed, internet-wide scanning, openssl, security},
} 

@INPROCEEDINGS{vulnerable_iot_devices,
    author={M. {Patton} and E. {Gross} and R. {Chinn} and S. {Forbis} and L. {Walker} and H. {Chen}},
    booktitle={2014 IEEE Joint Intelligence and Security Informatics Conference},
    title={Uninvited Connections: A Study of Vulnerable Devices on the Internet of Things (IoT)},
    year={2014},
    volume={},
    number={},
    pages={232-235},
    keywords={Internet;Internet of Things;security of data;uninvited connections;vulnerable devices;Internet of Things;IoT;Internet;insecure devices;Databases;Internet of Things;Object recognition;IP networks;Cameras;Security;IoT;SCADA;Internet of Things;Shodan},
    doi={10.1109/JISIC.2014.43},
    ISSN={},
    month={Sep.},
}

@ARTICLE{ddos_iot_devices,
    author={C. {Kolias} and G. {Kambourakis} and A. {Stavrou} and J. {Voas}},
    journal={Computer},
    title={DDoS in the IoT: Mirai and Other Botnets},
    year={2017},
    volume={50},
    number={7},
    pages={80-84},
    keywords={computer network security;Internet of Things;invasive software;DDoS;Mirai botnet;Internet of Things device security;Internet infrastructure;disruptive distributed denial-of-service attacks;IoT;Computer crime;Servers;Malware;Ports (Computers);Internet;IP networks;Computer security;Risk management;Distributed processing;Cybertrust;security;cybersecurity;distributed denial of service;DDoS;Internet of Things;IoT;botnet;Mirai;Persirai;Hajime;BrickerBot;malware},
    doi={10.1109/MC.2017.201},
    ISSN={0018-9162},
    month={},
}

@article{insecure_by_design,
    author = {O’Neill, Maire},
    year = {2016},
    month = {03},
    pages = {48-49},
    title = {Insecurity by Design: Today's IoT Device Security Problem},
    volume = {2},
    journal = {Engineering},
    doi = {10.1016/J.ENG.2016.01.014}
}
@article{iot_attack_vector,
    author = {Hezam, Akram and Konstantas, Dimitri and Mahyoub, Mohammed},
    year = {2018},
    month = {04},
    pages = {},
    title = {A Comprehensive IoT Attacks Survey based on a Building-blocked Reference Mode},
    volume = {Vol. 9},
    journal = {International Journal of Advanced Computer Science and Applications},
    doi = {10.14569/IJACSA.2018.090349}
}

@INPROCEEDINGS{stuxnet_attack_vector,
    author={S. {Karnouskos}},
    booktitle={IECON 2011 - 37th Annual Conference of the IEEE Industrial Electronics Society},
    title={Stuxnet worm impact on industrial cyber-physical system security},
    year={2011},
    volume={},
    number={},
    pages={4490-4494},
    keywords={critical infrastructures;invasive software;SCADA systems;Stuxnet worm impact;industrial cyber-physical system security;isolated networks;controlled access environments;critical infrastructure management;threat risk analysis;SCADA-DCS systems;Security;Internet;Monitoring;Software;Hardware;Grippers;Process control},
    doi={10.1109/IECON.2011.6120048},
    ISSN={1553-572X},
    month={Nov},}
}

@online{fortinet_nac,
  title={The Evolution of Network Access Control (NAC)},
  author={Fortinet},
  url={https://www.fortinet.com/content/dam/fortinet/assets/white-papers/wp-evolution-of-network-access-control.pdf},
}
@online{iana_802_numbers,
title={IEEE 802 Numbers},
  author={IANA},
  url={https://www.iana.org/assignments/ieee-802-numbers/ieee-802-numbers.xhtml#IEEE},
}
@online{juniper_psk,
title={Understanding PSK Authentication},
  author={Juniper Networks},
  url={https://www.juniper.net/documentation/en\_US/junos-space-apps/network-director3.0/topics/concept/wireless-wpa-psk-authentication.html},
}
@online{ietf,
    title={Internet Engineering Task Force},
  author={Internet Engineering Task Force},
  url={https://www.ietf.org/},
}

@online{rfc_3748,
    title={RFC 3748 - Extensible Authentication Protocol},
    author={Network Working Group},
    url={https://tools.ietf.org/html/rfc3748}
}

@online{faucet_dot1x_docs,
    title={Faucet Configuration},
    author={Faucet Developers},
    year={2019},
    url={https://faucet.readthedocs.io/en/latest/configuration.html#x-dp}
}
@inbook{malware_detection,
    author = {Kakisim, Arzu and Nar, Mert and Carkaci, Necmettin and Sogukpinar, Ibrahim},
    year = {2019},
    month = {01},
    pages = {247-258},
    title = {Analysis and Evaluation of Dynamic Feature-Based Malware Detection Methods: 11th International Conference, SecITC 2018, Bucharest, Romania, November 8–9, 2018, Revised Selected Papers},
    isbn = {978-3-030-12941-5},
    doi = {10.1007/978-3-030-12942-2\_19}
}

@online{radius_attributes_iana,
    author = {Internet Assigned Numbers Authority},
    year = {2019},
    title = {RADIUS Types},
    url = {https://www.iana.org/assignments/radius-types/radius-types.xhtml#radius-types-14}
}

@online{juniper_filter_id,
    author = {Juniper Networks},
    title = {Standard and Vendor-Specific RADIUS Attributes},
    url = {https://www.juniper.net/documentation/en\_US/junos/topics/topic-map/radius-std-attributes-vsas-support.html}
}

@online{hpe_filter_rule,
    author = {Hewlett Packard Enterprise},
    title = {RADIUS filter-id},
    url = {https://techhub.hpe.com/eginfolib/networking/docs/switches/K-KA-KB/15-18/5998-8150\_access\_security\_guide/content/v32013119.html}
}

@online{cisco_filter_rule,
    author = {Cisco Networks},
    title = {RADIUS Centralized Filter Management},
    url = {https://www.cisco.com/c/en/us/td/docs/ios-xml/ios/sec\_usr\_rad/configuration/xe-16/sec-usr-rad-xe-16-book/sec-rad-central-filt.html}
}
    
% Chapter 3 Citations
@online{cisco_sdn_overview,
    title = {Software Defined Networking},
    author = {Cisco Networks},
    url = {https://www.cisco.com/c/en\_au/solutions/software-defined-networking/overview.html},
}

@online{computer_world_sdn,
    title = {What to look for in an SDN controller},
    author = {Ethan Banks - Computer World},
    url = {https://www.computerworld.com.au/article/533230/what\_look\_an\_sdn\_controller}
}
@online{control_plane_tech_target,
    title = {What is Control Plane?},
    author = {TechTarget},
    url = {https://searchnetworking.techtarget.com/definition/control-plane-CP}
}

@online{cisco_open_flow,
    title = {OpenFlow Agent for Nexus 3000 and 9000 Series},
    author = {Cisco Networks},
    url = {https://www.overleaf.com/project/5d2c46c792569a05969931b1}
}

@online{faucet_read_the_docs,
    title={Faucet Configuration},
    author={Faucet Developers},
    year={2019},
    url={https://buildmedia.readthedocs.org/media/pdf/faucet/latest/faucet.pdf}
}
@inproceedings{high_speed_open_flow,
    title={A High-Speed Routing Engine for Software Defined Network},
    author={Shan Gao and Sho Shimizu and Satoru Okamoto and Naoaki Yamanaka},
    year={2012}
}

@online{onf_open_flow,
    title={A High-Speed Routing Engine for Software Defined Network},
    author={Open Networking Foundation},
    url={https://www.opennetworking.org/software-defined-standards/specifications/}
}
@online{beka_github,
    title={Beka Codebase},
    author={Beka Developers},
    url={https://github.com/faucetsdn/beka}
}

% Chapter 5 - Problem Analysis 
@online{freeradius_modules,
    title={Freeradius - Modules},
    author={The FreeRADIUS Server Project},
    url={https://freeradius.org/modules/}
}

@online{junos_mab_setup,
    title={Static MAC Bypass},
    author={Juniper Networks},
    url={https://www.juniper.net/documentation/en\_US/junos/topics/topic-map/static-mac-bypass-mac-radius-authentication.html}
}
@online{junos_mab_switching,
    title={MAC RADIUS Authentication},
    author={Juniper Networks},
    url={https://www.juniper.net/documentation/en\_US/junos/topics/topic-map/mac-radius-authentication-switching-devices.html}
}
@online{hpe_mab_setup,
    title={Configuring MAC authentication},
    author={Hewlett Packard Enterprise},
    url={https://techhub.hpe.com/eginfolib/networking/docs/switches/WB/15-18/5998-8152\_wb\_2920\_asg/content/ch03s06.html}
}

% Chapter 6 - Implementation
@online{cisco_mab_setup_guide,
    title={MAC Authentication Bypass Deployment Guide},
    author={Cisco Networks},
    url={https://www.cisco.com/c/en/us/products/collateral/ios-nx-os-software/identity-based-networking-services/config\_guide\_c17-663759.html}
}

@online{faucet_github,
    title={Faucet Codebase},
    author={Facuet Developers},
    url={https://github.com/faucetsdn/faucet}
}

@online{chewie_github,
    title={Chewie Codebase},
    author={Chewie Developers},
    url={https://github.com/faucetsdn/chewie}
}

@online{grpc_website,
    title={gRPC},
    author={gRPC Community},
    url={https://grpc.io/}
}
@online{radius_why_udp,
    title={RADIUS - Why UDP?},
    author={Network Working Group},
    url={https://tools.ietf.org/html/rfc2865#section-2.4}
}

@online{radius_accounting,
    title={RADIUS Accounting},
    author={Network Working Group},
    url={https://tools.ietf.org/html/rfc2866}
}
@online{chewie_radius_accounting,
    title={Chewie - RADIUS Accounting Branch},
    author={Chewie Developers},
    url={https://github.com/MichaelWasher/chewie/tree/radius\_accounting},
}
@online{radius_password_attribute,
    title={RADIUS - User-Password},
    author={Network Working Group},
    url={https://tools.ietf.org/html/rfc2865#section-5.2},
}

@online{rfc_4137,
    title={State Machines for Extensible Authentication Protocol (EAP) Peer and Authenticator},
    author={Network Working Group},
    url={https://tools.ietf.org/html/rfc4137},
}

% Chapter 7
@online{chewie_read_the_docs,
    title={Chewie Documentation},
    author={Chewie Developers},
    url={https://chewie.readthedocs.io/en/latest/},
}
@online{sphinx_homepage,
    title={Sphinx - Python Documentation Generator},
    author={Sphinx Authors},
    url={http://www.sphinx-doc.org/en/master/},
}
@online{travis_ci_homepage,
    title={TravisCI},
    author={TravisCI Developers},
    url={https://travis-ci.org/},
}

@online{freeradius_homepage,
    title={FreeRADIUS},
    author={FreeRADIUS Developers},
    url={https://freeradius.org/},
}
@online{wpa_supplicant_man_page,
    title={WPA\_Supplicant},
    author={Jouni Malinen},
    url={https://linux.die.net/man/8/wpa\_supplicant},
}
@online{pytransitions_github,
    title={Transitions},
    author={Tal Yarkoni},
    url={https://github.com/pytransitions/transitions},
}
@online{radius_nas_filter_rule,
    title={RADIUS Filter Rule Attribute},
    author={Network Working Group},
    url={https://tools.ietf.org/html/rfc4849},
}

@online{docker_homepage,
    title={Docker},
    author={Docker Inc},
    url={https://www.docker.com},
}
@online{cisco_dacls,
    title={802.1x DACL, Per-User ACL, Filter-ID, and Device Tracking Behavior},
    author={Cisco Networks},
    url={https://www.cisco.com/c/en/us/support/docs/lan-switching/8021x/119374-technote-dacl-00.html},
}
% images
@MISC{faucet_architecture_diagram,
    author = {Faucet Developers},
    title = {Faucet Architecture Diagram},
    year = {2019},
    note = {[Online; accessed October 10, 2019]},
    url = {https://faucet.readthedocs.io/en/latest/\_images/faucet-architecture.svg}
}